

@Book{Hartley-ComputerVision,
ALTauthor = {HARTLEY, Richard and ZISSERMAN, Andrew},
ALTeditor = {Cambridge University Press},
title = {Multiple View Geometry in computer vision},
publisher = {Cambridge University Press},
year = {2004},
OPTkey = {•},
OPTvolume = {•},
OPTnumber = {•},
OPTseries = {•},
OPTaddress = {•},
OPTedition = {2nd},
OPTmonth = {•},
OPTnote = {•},
OPTannote = {•}
}

@Book{Faugeras-Geometry,
ALTauthor = {FAUGERAS, Olivier and LUONG, Quang-Tuan},
ALTeditor = {Cambridge University Press},
title = {The Geometry of Multiple Images - The laws that govern the formation of multiple images of a scene and some of their applications},
publisher = {The MIT Press},
year = {2001},
OPTkey = {•},
OPTvolume = {•},
OPTnumber = {•},
OPTseries = {•},
OPTaddress = {•},
OPTedition = {•},
OPTmonth = {•},
OPTnote = {•},
OPTannote = {•}
}

@online{ROS-Tutorial,
author = {ROS Team},
title = {Ubuntu install of ROS Indigo},
year = {2015},
url = {http://wiki.ros.org/indigo/Installation/Ubuntu},
OPTsubtitle = {•},
OPTtitleaddon = {•},
OPTlanguage = {•},
OPTversion = {•},
OPTnote = {•},
OPTorganization = {•},
OPTdate = {•},
OPTmonth = {•},
OPTaddendum = {•},
OPTpubstate = {•},
OPTurldate = {•},
}

@online{GitHub-LSD-SLAM,
author = {tum-vision},
title = {LSD-SLAM},
year = {2014},
url = {https://github.com/tum-vision/lsd\_slam},
OPTsubtitle = {•},
OPTtitleaddon = {•},
OPTlanguage = {•},
OPTversion = {•},
OPTnote = {•},
OPTorganization = {•},
OPTdate = {•},
OPTmonth = {•},
OPTaddendum = {•},
OPTpubstate = {•},
OPTurldate = {•},
}

@online{Setup-USBCAM,
author = {pharos},
title = {Setup usb\_cam},
year = {2012},
url = {http://pharos.ece.utexas.edu/wiki/index.php/How\_to\_Use\_a\_Webcam\_in\_ROS\_with\_the\_usb\_cam\_Package},
OPTsubtitle = {•},
OPTtitleaddon = {•},
OPTlanguage = {•},
OPTversion = {•},
OPTnote = {•},
OPTorganization = {•},
OPTdate = {•},
OPTmonth = {•},
OPTaddendum = {•},
OPTpubstate = {•},
OPTurldate = {•},
}

@online{Setup-CalibrateMonocularCamera,
author = {ROS Team},
title = {Padrão xadrez para calibração da câmera},
year = {2015},
url = {http://wiki.ros.org/camera\_calibration/Tutorials/MonocularCalibration?action=AttachFile\&do=view\&target=check-108.pdf},
OPTsubtitle = {•},
OPTtitleaddon = {•},
OPTlanguage = {•},
OPTversion = {•},
OPTnote = {•},
OPTorganization = {•},
OPTdate = {•},
OPTmonth = {•},
OPTaddendum = {•},
OPTpubstate = {•},
OPTurldate = {•},
}

@online{Documentacao-CalibrateMonocularCamera,
author = {ROS Team},
title = {Documentação usb\_cam},
year = {2015},
url = {http://wiki.ros.org/usb\_cam},
OPTsubtitle = {•},
OPTtitleaddon = {•},
OPTlanguage = {•},
OPTversion = {•},
OPTnote = {•},
OPTorganization = {•},
OPTdate = {•},
OPTmonth = {•},
OPTaddendum = {•},
OPTpubstate = {•},
OPTurldate = {•},
}

@online{SLAM-Dummies,
author = {RIISGAARD, Soren and BLAS, Morten R.},
title = {SLAM for Dummies - A Tutorial Approach to Simultaneous Localization and Mapping},
year = {2005},
url = {http://ocw.mit.edu/courses/aeronautics-and-astronautics/16-412j-cognitive-robotics-spring-2005/projects/1aslam\_blas\_repo.pdf},
OPTsubtitle = {•},
OPTtitleaddon = {•},
OPTlanguage = {•},
OPTversion = {•},
OPTnote = {•},
OPTorganization = {Massachusetts Institute of Technology},
OPTdate = {•},
OPTmonth = {•},
OPTaddendum = {•},
OPTpubstate = {•},
OPTurldate = {•},
}

@online{ORB-Artigo,
author = {RUBLEE, Ethan and RABAUD, Vincent and KONOLIGE, Kurt and BRADSKI, Gary},
title = {ORB: an efficient alternative to SIFT or SURF},
year = {•},
url = {https://www.willowgarage.com/sites/default/files/orb\_final.pdf},
OPTsubtitle = {•},
OPTtitleaddon = {•},
OPTlanguage = {•},
OPTversion = {•},
OPTnote = {•},
OPTorganization = {•},
OPTdate = {•},
OPTmonth = {•},
OPTaddendum = {•},
OPTpubstate = {•},
OPTurldate = {•},
}

@inproceedings{LSD-SLAM-Artigo,
author={ENGEL, J. and STURM, J. and CREMERS, D.},
title={Semi-Dense Visual Odometry for a Monocular Camera},
year= {2013},
address={Sydney, Australia},
month={December},
booktitle = iccv,
keywords={rgb-d, visual odometry, monocular, slam, semidense}
}

@inproceedings{FIT3D,
author={Esteban, I. and Dijk, J. and F.C.A. Groen},
title={FIT3D toolbox: multiple view geometry and 3D reconstruction for matlab.},
booktitle={International Symposium on Security \&amp; Defence Europe (SPIE)},
year={2010},
}

@online{PhotoGuide,
author = {CARDOSO, G. and LESSA, I},
title = {PhotoGuide},
year = {2015},
url = {https://github.com/ddantas/PhotoGuide},
OPTsubtitle = {•},
OPTtitleaddon = {•},
OPTlanguage = {•},
OPTversion = {•},
OPTnote = {•},
OPTorganization = {UFS},
OPTdate = {•},
OPTmonth = {•},
OPTaddendum = {•},
OPTpubstate = {•},
OPTurldate = {•},
}

@InBook{SFM,
ALTauthor = {ROBERTSON, D.P. and CIPOLLA, R.},
ALTeditor = {John Wiley},
title = {Practical Image Processing and Computer Vision},
chapter = {13},
publisher = {Halsted Pr},
year = {2009},
OPTkey = {•},
OPTvolume = {•},
OPTnumber = {•},
OPTseries = {•},
OPTtype = {•},
OPTaddress = {•},
OPTedition = {•},
OPTmonth = {•},
OPTpages = {•},
OPTnote = {•},
OPTannote = {•}
}

@article{SIFT,
author = {LOWE, D. G},
title = {Distinctive Image Features from Scale-Invariant Keypoints},
journaltitle = {International Journal of Computer Vision},
year = {2014},
OPTtranslator = {•},
OPTannotator = {•},
OPTcommentator = {•},
OPTsubtitle = {•},
OPTtitleaddon = {•},
OPTeditor = {•},
OPTeditora = {•},
OPTeditorb = {•},
OPTeditorc = {•},
OPTjournalsubtitle = {•},
OPTissuetitle = {•},
OPTissuesubtitle = {•},
OPTlanguage = {•},
OPToriglanguage = {•},
OPTseries = {•},
OPTvolume = {•},
OPTnumber = {•},
OPTeid = {•},
OPTissue = {•},
OPTmonth = {november},
OPTpages = {91-110},
OPTversion = {•},
OPTnote = {•},
OPTissn = {•},
OPTaddendum = {•},
OPTpubstate = {•},
OPTdoi = {•},
OPTeprint = {•},
OPTeprintclass = {•},
OPTeprinttype = {•},
OPTurl = {•},
OPTurldate = {•},
}

@online{OpenCV,
author = {OpenCV Team},
title = {OpenCV Main Page},
year = {2016},
url = {http://opencv.org/},
OPTsubtitle = {•},
OPTtitleaddon = {•},
OPTlanguage = {•},
OPTversion = {•},
OPTnote = {•},
OPTorganization = {•},
OPTdate = {•},
OPTmonth = {•},
OPTaddendum = {•},
OPTpubstate = {•},
OPTurldate = {•},
}

@online{googlex,
author = {Google X},
title = {Google Self-Driving Car},
year = {2016},
url = {https://www.google.com/selfdrivingcar/ },
OPTsubtitle = {•},
OPTtitleaddon = {•},
OPTlanguage = {•},
OPTversion = {•},
OPTnote = {•},
OPTorganization = {•},
OPTdate = {•},
OPTmonth = {•},
OPTaddendum = {•},
OPTpubstate = {•},
OPTurldate = {•},
}

@online{Ubuntu,
author = {Cannonical},
title = {Ubuntu 14.04 LTS},
year = {2015},
url = {http://releases.ubuntu.com/14.04/ },
OPTsubtitle = {•},
OPTtitleaddon = {•},
OPTlanguage = {•},
OPTversion = {•},
OPTnote = {•},
OPTorganization = {•},
OPTdate = {•},
OPTmonth = {•},
OPTaddendum = {•},
OPTpubstate = {•},
OPTurldate = {•},
}

@online{JNI,
author = {HOCK-CHUAN, C.},
title = {JNI Tutorial},
year = {2014},
url = {https://www3.ntu.edu.sg/home/ehchua/programming/java/JavaNativeInterface.html },
OPTsubtitle = {•},
OPTtitleaddon = {•},
OPTlanguage = {•},
OPTversion = {•},
OPTnote = {•},
OPTorganization = {•},
OPTdate = {•},
OPTmonth = {•},
OPTaddendum = {•},
OPTpubstate = {•},
OPTurldate = {•},
}

@online{SLAMAP,
author = {Analytical Graphics},
title = {SLAMAP},
year = {2014},
url = {https://cesiumjs.org/demos/LSDSLAM.html},
OPTsubtitle = {•},
OPTtitleaddon = {•},
OPTlanguage = {•},
OPTversion = {•},
OPTnote = {•},
OPTorganization = {•},
OPTdate = {•},
OPTmonth = {•},
OPTaddendum = {•},
OPTpubstate = {•},
OPTurldate = {•},
}

@online{Hessian,
author = {WEISSTEIN, E. W.},
title = {Hessian},
year = {2016},
url = {http://mathworld.wolfram.com/Hessian.html},
OPTsubtitle = {•},
OPTtitleaddon = {From MathWorld--A Wolfram Web Resource},
OPTlanguage = {•},
OPTversion = {•},
OPTnote = {•},
OPTorganization = {•},
OPTdate = {•},
OPTmonth = {•},
OPTaddendum = {•},
OPTpubstate = {•},
OPTurldate = {•},
}

@article{RANSAC,
author = {FISCHLER, M. A. and BOLLES, R. C.},
title = {Random Sample Consensus: A paradigm for model fitting with applications to image analysis and automated cartography},
journaltitle = {Communications of the ACM},
year = {•},
OPTtranslator = {•},
OPTannotator = {•},
OPTcommentator = {•},
OPTsubtitle = {•},
OPTtitleaddon = {•},
OPTeditor = {•},
OPTeditora = {•},
OPTeditorb = {•},
OPTeditorc = {•},
OPTjournalsubtitle = {•},
OPTissuetitle = {•},
OPTissuesubtitle = {•},
OPTlanguage = {•},
OPToriglanguage = {•},
OPTseries = {•},
OPTvolume = {24},
OPTnumber = {6},
OPTeid = {•},
OPTissue = {•},
OPTmonth = {June},
OPTpages = {381-395},
OPTversion = {•},
OPTnote = {•},
OPTissn = {•},
OPTaddendum = {•},
OPTpubstate = {New York},
OPTdoi = {•},
OPTeprint = {•},
OPTeprintclass = {•},
OPTeprinttype = {•},
OPTurl = {•},
OPTurldate = {•},
}

@online{SURF,
author = {BAY, H. and TUYTELAARS, T and GOOL, L. V.},
title = {SURF: Speeded Up Robust Features},
year = {2006},
url = {http://www.vision.ee.ethz.ch/~surf/eccv06.pdf},
OPTsubtitle = {•},
OPTtitleaddon = {•},
OPTlanguage = {•},
OPTversion = {•},
OPTnote = {•},
OPTorganization = {Katholieke Universiteit Leuven},
OPTdate = {•},
OPTmonth = {•},
OPTaddendum = {•},
OPTpubstate = {•},
OPTurldate = {•},
}